
@misc{noauthor_einschaltverzgerung:_nodate,
	title = {Einschaltverz�gerung: {Elektronik}-{Magazin}},
	url = {http://www.elektronik-magazin.de/page/einschaltverzoegerung-7},
	urldate = {2018-02-21},
	file = {Einschaltverz�gerung\: Elektronik-Magazin:files/17/einschaltverzoegerung-7.html:text/html}
}

@misc{noauthor_gpio_nodate,
	title = {The {GPIO} utility {\textbar} {Wiring} {Pi}},
	url = {http://wiringpi.com/the-gpio-utility/},
	abstract = {Command line utility to manipulate the Raspberry Pi's GPIO pins.},
	language = {en-US},
	urldate = {2018-02-21},
	file = {Snapshot:files/19/the-gpio-utility.html:text/html}
}

@misc{noauthor_raspberry_nodate,
	title = {Raspberry {Pi} {Temperatursensor} (1-{Wire}): {Temperatur} messen},
	url = {https://tutorials-raspberrypi.de/raspberry-pi-temperatur-mittels-sensor-messen/},
	urldate = {2018-02-21},
	file = {Raspberry Pi Temperatursensor (1-Wire)\: Temperatur messen:files/21/raspberry-pi-temperatur-mittels-sensor-messen.html:text/html}
}

@misc{noauthor_raspberry_nodate-1,
	title = {Raspberry {Pi}: {Relais}-{Schalter} per {GPIO} steuern},
	shorttitle = {Raspberry {Pi}},
	url = {https://tutorials-raspberrypi.de/raspberry-pi-relais-schalter-steuern/},
	abstract = {Oftmals will man auch Module mit höheren Spannung mit dem Raspberry Pi steuern. Für diesen Zweck können am Raspberry Pi Relais verwendet werden: Mittels eines niederspannigen Impulses wird der Relais-„Schalter“ umgelegt. Da der Pi nur maximal 5V (die GPIOs sogar nur 3.3V) verträgt bleibt ohne Relais das Risiko vorhanden, den Pi durchbrennen zu lassen. Hat …},
	language = {de-DE},
	urldate = {2018-02-21},
	journal = {Raspberry Pi Tutorials},
	file = {Snapshot:files/23/raspberry-pi-relais-schalter-steuern.html:text/html}
}

@misc{computertipps_raspberry_2017,
	title = {Raspberry {Pi} {Relais} schalten über {GPIO} {Anleitung}},
	url = {https://www.4hf.de/banana-pi/raspberry-pi-relais-schalten-ueber-gpio-172.htm},
	abstract = {Anleitung und Aufbau: Relais über den Raspberry Pi zu schalten, gehört bei fast jeder Heimautomatisierung dazu.1-fach Relais bis zum 16-fach Relais Brett},
	language = {de-DE},
	urldate = {2018-02-21},
	journal = {Portal für Computer und Programme},
	author = {Computertipps},
	month = jan,
	year = {2017},
	file = {Snapshot:files/25/raspberry-pi-relais-schalten-ueber-gpio-172.html:text/html}
}

@misc{noauthor_alldatasheet.com_nodate,
	title = {{ALLDATASHEET}.{COM} - {Datasheet} search site for {Electronic} {Components} and {Semiconductors} and other semiconductors.},
	url = {http://www.alldatasheet.com/},
	urldate = {2018-02-21},
	file = {ALLDATASHEET.COM - Datasheet search site for Electronic Components and Semiconductors and other semiconductors.:files/28/www.alldatasheet.com.html:text/html}
}

@misc{noauthor_ds18b20+_nodate,
	title = {{DS}18B20+ {One} {Wire} {Digital} {Temperature} {Sensor} and the {Raspberry} {Pi}},
	url = {https://www.modmypi.com/blog/ds18b20-one-wire-digital-temperature-sensor-and-the-raspberry-pi},
	abstract = {In this tutorial we’ll be connecting a DS18B20+ 1-Wire Digital Thermometer and programme our Raspberry Pi to read the output the temperature it senses!},
	language = {en},
	urldate = {2018-02-21},
	journal = {Cases for your Raspberry Pi},
	file = {Snapshot:files/30/ds18b20-one-wire-digital-temperature-sensor-and-the-raspberry-pi.html:text/html}
}

@misc{noauthor_using_2013,
	title = {Using {DS}18B20 {Digital} {Thermometer} {Sensors} with the {Raspberry} {Pi}},
	url = {https://www.raspberrypi-spy.co.uk/2013/03/raspberry-pi-1-wire-digital-thermometer-sensor/},
	abstract = {Learn how to use the DS18B20 temperature sensor with the Raspberry Pi using Python. It's an easy and cheap way to measure temperature. Multiple sensors can be used and the DS18B20 is available in waterproof versions.},
	language = {en-GB},
	urldate = {2018-02-21},
	journal = {Raspberry Pi Spy},
	month = mar,
	year = {2013},
	file = {Snapshot:files/32/raspberry-pi-1-wire-digital-thermometer-sensor.html:text/html}
}

@misc{ketul_shah_pwm_nodate,
	title = {{PWM} generation using {Raspberry} {PI}},
	url = {https://www.youtube.com/watch?v=Ge3JN6foaZw},
	urldate = {2018-02-21},
	author = {{Ketul Shah}},
	keywords = {Pulse-width Modulation, pwm using raspberry, PWM using RPi, raspberry pi, Raspberry Pi (Computer), Software (Industry)}
}

@misc{alex_eames_using_nodate,
	title = {Using {PWM} with {RPi}.{GPIO} and {Python} on the {Raspberry} {Pi}},
	url = {https://www.youtube.com/watch?v=BLtV0Z38S94},
	urldate = {2018-02-21},
	author = {{Alex Eames}},
	keywords = {DPScope, PWM in python on raspberry pi, PWM in RPi.GPIO, software PWM}
}

@misc{paul_mcwhorter_raspberry_nodate,
	title = {Raspberry {Pi} {Linux} {LESSON} 27: {PWM} {Output} on {GPIO} {Pins} from {Python}},
	shorttitle = {Raspberry {Pi} {Linux} {LESSON} 27},
	url = {https://www.youtube.com/watch?v=9tActipVqIM},
	urldate = {2018-02-21},
	author = {{Paul McWhorter}},
	keywords = {Raspberry Pi (Computer), Analog Out, analog Voltages, LED, Linux, PWM, Python (Programming Language)}
}

@misc{noauthor_pulsweitenmodulation_nodate,
	title = {Pulsweitenmodulation – {Mikrocontroller}.net},
	url = {https://www.mikrocontroller.net/articles/Pulsweitenmodulation},
	urldate = {2018-02-21},
	file = {Pulsweitenmodulation – Mikrocontroller.net:files/37/Pulsweitenmodulation.html:text/html}
}

@misc{noauthor_how_2015,
	title = {How to {Write} and {Run} a {Python} {Program} on the {Raspberry} {Pi}},
	url = {http://www.circuitbasics.com/how-to-write-and-run-a-python-program-on-the-raspberry-pi/},
	abstract = {Find out what Python programs are and how they're used. We also have a "hello world" example so you can compile and run Python programs on the Raspberry Pi.},
	language = {en-US},
	urldate = {2018-02-21},
	journal = {Circuit Basics},
	month = aug,
	year = {2015},
	file = {Snapshot:files/41/how-to-write-and-run-a-python-program-on-the-raspberry-pi.html:text/html}
}

@misc{alex_how_2013,
	title = {How to use {WiringPi}2 for {Python} on the {Raspberry} {Pi} in {Raspbian} part 1},
	url = {http://raspi.tv/2013/how-to-use-wiringpi2-for-python-on-the-raspberry-pi-in-raspbian},
	abstract = {Basic Input/Output with WiringPi 2 What is WiringPi2 and why do I need it? WiringPi2 for Python is an excellent GPIO handling system written by Gordon ‘Drogon’ Henderson and packaged fo…},
	language = {en-US},
	urldate = {2018-02-27},
	journal = {RasPi.TV},
	author = {{alex}},
	month = jul,
	year = {2013},
	file = {Snapshot:files/45/how-to-use-wiringpi2-for-python-on-the-raspberry-pi-in-raspbian.html:text/html}
}

@misc{alex_how_2013-1,
	title = {How to use {WiringPi}2 for {Python} on the {Raspberry} {Pi} in {Raspbian} part 1},
	url = {http://raspi.tv/2013/how-to-use-wiringpi2-for-python-on-the-raspberry-pi-in-raspbian},
	abstract = {Basic Input/Output with WiringPi 2 What is WiringPi2 and why do I need it? WiringPi2 for Python is an excellent GPIO handling system written by Gordon ‘Drogon’ Henderson and packaged fo…},
	language = {en-US},
	urldate = {2018-02-27},
	journal = {RasPi.TV},
	author = {{alex}},
	month = jul,
	year = {2013},
	file = {Snapshot:files/46/how-to-use-wiringpi2-for-python-on-the-raspberry-pi-in-raspbian.html:text/html}
}

@misc{knzusprig_raspberry_2016,
	title = {Raspberry {Pi}: {Taster} anschließen » {Xgadget}.de},
	shorttitle = {Raspberry {Pi}},
	url = {https://www.xgadget.de/anleitung/raspberry-pi-taster-anschliessen/},
	abstract = {Viele von euch fragen sich vielleicht wie man einen Taster an den Raspberry Pi anschließen kann um beispielsweise den Raspi herunterzufahren oder einfach eine LED ein oder auszuschalten. In der folgenden Anleitung zeigen wir euch wie ihr ganz einfach einen SMD-Taster an euren Raspberry anschließen und mittels},
	urldate = {2018-02-27},
	journal = {Xgadget.de},
	author = {knzusprig, Peter},
	month = jun,
	year = {2016},
	file = {Snapshot:files/48/raspberry-pi-taster-anschliessen.html:text/html}
}

@misc{noauthor_raspberry_nodate-2,
	title = {Raspberry {Pi}: {GPIO} {Ein}- und {Ausgänge} schalten » {elektronX}},
	shorttitle = {Raspberry {Pi}},
	url = {http://www.elektronx.de/tutorials/schalten-der-gpio-ein-und-ausgange/},
	abstract = {Erste Schritte zum Schalten der Ein- und Ausgänge der GPIO Steckerleiste des Raspberry Pi. Von den Grundlagen bis zum Einsatz von WiringPi},
	language = {de-DE},
	urldate = {2018-02-27},
	journal = {elektronX},
	file = {Snapshot:files/50/schalten-der-gpio-ein-und-ausgange.html:text/html}
}

@misc{noauthor_raspberry_nodate-3,
	title = {Raspberry {Pi}: {GPIO} {Ein}- und {Ausgänge} schalten » {elektronX}},
	shorttitle = {Raspberry {Pi}},
	url = {http://www.elektronx.de/tutorials/schalten-der-gpio-ein-und-ausgange/},
	abstract = {Erste Schritte zum Schalten der Ein- und Ausgänge der GPIO Steckerleiste des Raspberry Pi. Von den Grundlagen bis zum Einsatz von WiringPi},
	language = {de-DE},
	urldate = {2018-02-27},
	journal = {elektronX},
	file = {Snapshot:files/54/schalten-der-gpio-ein-und-ausgange.html:text/html}
}

@misc{noauthor_build_nodate,
	title = {Build a simple {Raspberry} {Pi} {LED} power/status indicator},
	url = {https://howchoo.com/g/ytzjyzy4m2e/build-a-simple-raspberry-pi-led-power-status-indicator},
	abstract = {This guide will show you how to add an LED power/status indicator to your Raspberry Pi, letting you know when your Pi is powered and when it's safe to unplug.},
	language = {en},
	urldate = {2018-03-12},
	journal = {howchoo},
	file = {Snapshot:files/57/build-a-simple-raspberry-pi-led-power-status-indicator.html:text/html}
}

@book{krikava_grundlagen_1981,
	address = {Wien},
	edition = {dritte},
	title = {Grundlagen der {Elektrotechnik} 2},
	shorttitle = {Grundlagen d. {Elektrotechnik}},
	abstract = {Schulbuch HTL Elektrotechnik},
	language = {Deutsch},
	publisher = {R. Oldenbourg KG.},
	author = {Krikava, Franz and Ruhswurm, Hans and Seiser, Josef},
	month = aug,
	year = {1981}
}

@book{wirsum_praktische_1991,
	address = {München},
	edition = {erste},
	title = {Praktische {Beschallungstechnik}},
	isbn = {3-7723-5862-4},
	shorttitle = {Beschallungstechnik},
	abstract = {Gerätekonzepte, Installation, Optimierung},
	language = {Deutsch},
	publisher = {Franzis-Verlag GmbH},
	author = {Wirsum, Siegfried},
	year = {1991}
}

@book{henle_tonstudio_1993,
	address = {München},
	edition = {dritte},
	title = {Das {Tonstudio} {Handbuch}},
	isbn = {3-9802026-5-8},
	shorttitle = {Tonstudio {Handbuch}},
	abstract = {Praktische Einführung in die professionelle Aufnahmetechnik},
	language = {Deutsch},
	publisher = {GC Gunther Carstensen},
	author = {Henle, Hubert},
	year = {1993}
}

@misc{noauthor_raspberry_nodate-4,
	title = {Raspberry {Pi} 2 {Model} {B}},
	url = {https://www.raspberrypi.org/products/raspberry-pi-2-model-b/},
	language = {en-GB},
	urldate = {2018-04-03},
	journal = {Raspberry Pi},
	file = {Snapshot:files/69/raspberry-pi-2-model-b.html:text/html}
}

@misc{noauthor_raspberry_nodate-5,
	title = {Raspberry {Pi} {Foundation} - {About} {Us}},
	url = {https://www.raspberrypi.org/about/},
	abstract = {The Raspberry Pi Foundation is a UK-based charity that works to put the power of digital making into the hands of people all over the world.},
	language = {en-GB},
	urldate = {2018-04-03},
	journal = {Raspberry Pi},
	file = {Snapshot:files/71/about.html:text/html}
}

@misc{wolski_besten_2016,
	title = {Die besten {Raspberry} {Pi}-{Alternativen} im Überblick},
	url = {https://www.pcwelt.de/ratgeber/Die-besten-Raspberry-Pi-Alternativen-im-Ueberblick-Ein-Platinen-PCs-9634864.html},
	abstract = {Andere Mütter haben auch schöne Töchter: Mehr RAM, mehr CPU, mehr Anschlüsse - es muss nicht immer der Raspberry Pi sein.},
	language = {de-de},
	urldate = {2018-04-03},
	journal = {PC-WELT},
	author = {Wolski, David, Mirco Lang},
	month = feb,
	year = {2016},
	file = {Snapshot:files/73/Die-besten-Raspberry-Pi-Alternativen-im-Ueberblick-Ein-Platinen-PCs-9634864.html:text/html}
}

@misc{noauthor_using_2013-1,
	title = {Using {DS}18B20 {Digital} {Temperature} {Sensors} with the {Raspberry} {Pi}},
	url = {https://www.raspberrypi-spy.co.uk/2013/03/raspberry-pi-1-wire-digital-thermometer-sensor/},
	abstract = {Learn how to use the DS18B20 temperature sensor with the Raspberry Pi using Python. It's an easy and cheap way to measure temperature. Multiple sensors can be used and the DS18B20 is available in waterproof versions.},
	language = {en-GB},
	urldate = {2018-04-03},
	journal = {Raspberry Pi Spy},
	month = mar,
	year = {2013},
	file = {Snapshot:files/75/raspberry-pi-1-wire-digital-thermometer-sensor.html:text/html}
}

@book{hoerandl_august,
	address = {Wien},
	abstract = {Lehrer an der HTL Rennweg},
	language = {Deutsch},
	author = {Hoerandl, August},
	year = {2017}
}
