
@online{ubl_einfuhrung_????,
	title = {Einführung zu {WebSockets}: Sockets im Web - {HTML}5 Rocks},
	url = {https://www.html5rocks.com/de/tutorials/websockets/basics/},
	shorttitle = {einfuehrung\_websockets},
	abstract = {Erfahren Sie, wie Sie mithilfe von {WebSockets} eine bidirektionale Client-Server-Kommunikation mit niedriger Latenz zu Ihrer Web-App hinzufügen.},
	titleaddon = {{HTML}5 Rocks - Eine Ressource für Open Web-{HTML}5-Entwickler},
	author = {Ubl, Malte and Eiji, Kitamura},
	urldate = {2017-12-08}
}

@online{_grid_????,
	title = {Grid by Example - Usage examples of {CSS} Grid Layout},
	url = {https://gridbyexample.com/examples/},
	urldate = {2017-12-08}
}

@online{emmanuel_how_2017,
	title = {How to Efficiently Master the {CSS} Grid in a Jiffy},
	url = {https://medium.com/flexbox-and-grids/how-to-efficiently-master-the-css-grid-in-a-jiffy-585d0c213577},
	abstract = {Learn the 20\% you need for 80\% efficiency with {CSS} Grid.},
	titleaddon = {Flexbox and Grid},
	author = {Emmanuel, Ohans},
	urldate = {2017-12-08},
	date = {2017-07-07}
}

@online{_using_????,
	title = {Using {CSS} flexible boxes},
	url = {https://developer.mozilla.org/de/docs/Web/CSS/CSS_Flexible_Box_Layout/Using_CSS_flexible_boxes},
	shorttitle = {using\_flexbox},
	abstract = {Die {CSS}3 Flexible Box, auch flexbox genannt, ist ein Layoutmodus, um Elemente einer Seite so anzuordnen, dass sie sich vorhersagbar verhalten, wenn sich das Layout verschiedenen Bildschirmgrößen und Ausgabegeräten anpasst. Für viele Anwendungsfälle stellt das Flexible-Box-Modell eine Verbesserung gegenüber dem Block-Modell dar, da es keine Floats nutzt. Außerdem fallen die Margins eines Containers nicht mit den Margins seines Inhalts zusammen.},
	titleaddon = {{MDN}-Web-Dokumentation},
	urldate = {2018-02-11},
	langid = {german}
}

@online{mdn_basic_????,
	title = {Basic concepts of flexbox},
	url = {https://developer.mozilla.org/en-US/docs/Web/CSS/CSS_Flexible_Box_Layout/Basic_Concepts_of_Flexbox},
	shorttitle = {basic\_concepts\_flexbox},
	abstract = {The Flexible Box Module, usually referred to as flexbox, was designed as a one-dimensional layout model, and as a method that could offer space distribution between items in an interface and powerful alignment capabilities. This article gives an outline of the main features of flexbox, which we will be exploring in more detail in the rest of these guides.},
	titleaddon = {{MDN} Web Docs},
	author = {{MDN}},
	urldate = {2018-02-11},
	langid = {american}
}

@online{_layout_????,
	title = {Layout with Flexbox · React Native},
	url = {https://facebook.github.io/react-native/index.html},
	shorttitle = {layout\_with\_flexbox},
	abstract = {A component can specify the layout of its children using the flexbox algorithm. Flexbox is designed to provide a consistent layout on different screen sizes.},
	urldate = {2018-02-11}
}

@online{stojanov_visual_????,
	title = {A Visual Guide to {CSS}3 Flexbox Properties},
	url = {http://scotch.io/tutorials/a-visual-guide-to-css3-flexbox-properties},
	abstract = {The Flexbox Layout officially called {CSS} Flexible Box Layout Module is new layout module in {CSS}3 made to improve the items align, directions and order in the container even when they are with dynamic or even unknown size. The prime},
	titleaddon = {Scotch},
	author = {Stojanov, Dimitar},
	urldate = {2018-02-11},
	langid = {english}
}

@online{w3c_css_????,
	title = {{CSS} Flexible Box Layout Module Level 1},
	url = {https://www.w3.org/TR/css-flexbox-1/},
	shorttitle = {flexbox\_official},
	author = {{W3C}},
	urldate = {2018-02-11}
}

@online{css-tricks_complete_????,
	title = {A Complete Guide to Flexbox},
	url = {https://css-tricks.com/snippets/css/a-guide-to-flexbox/},
	shorttitle = {complete\_guide\_flexbox},
	abstract = {Our comprehensive guide to {CSS} flexbox layout. This complete guide explains everything about flexbox, focusing on all the differnet possible properties for the parent element (the flex container) and the child elements (the flex items). It also includes history, demos, patterns, and a browser support chart.},
	titleaddon = {{CSS}-Tricks},
	author = {{CSS-Tricks}},
	urldate = {2018-02-11},
	langid = {english}
}

@online{mdn_css_????,
	title = {{CSS} Grid Layout},
	url = {https://developer.mozilla.org/en-US/docs/Web/CSS/CSS_Grid_Layout},
	shorttitle = {{CSS}\_Grid\_Mozilla},
	abstract = {{CSS} Grid Layout excels at dividing a page into major regions, or defining the relationship in terms of size, position, and layer, between parts of a control built from {HTML} primitives.},
	titleaddon = {{MDN} Web Docs},
	author = {{MDN}},
	urldate = {2018-03-04},
	langid = {american}
}

@online{w3c_css_????-1,
	title = {{CSS} Custom Properties for Cascading Variables Module Level 1},
	url = {https://www.w3.org/TR/css-variables-1/},
	shorttitle = {css\_variables},
	author = {{W3C}},
	urldate = {2018-03-07}
}

@online{girdbyexample_browser_????,
	title = {Browser Support for {CSS} Grid Layout},
	url = {https://gridbyexample.com/browsers/},
	shorttitle = {grid\_by\_example},
	author = {{girdbyexample}},
	urldate = {2018-03-10}
}

@online{w3c_css_????-2,
	title = {{CSS} Grid Layout Module Level 1},
	url = {https://www.w3.org/TR/css-grid/},
	shorttitle = {{CSS}\_Grid\_Official},
	author = {{W3C}},
	urldate = {2018-03-10}
}

@online{css-tricks_complete_????-1,
	title = {A Complete Guide to Grid {\textbar} {CSS}-Tricks},
	url = {https://css-tricks.com/snippets/css/complete-guide-grid/},
	shorttitle = {complete\_guide\_grid},
	author = {{CSS-Tricks}},
	urldate = {2018-03-10}
}

@online{caniuse_can_????,
	title = {Can I use... Support tables for {HTML}5, {CSS}3, etc},
	url = {https://caniuse.com/#search=grid},
	shorttitle = {browser\_support\_grid},
	author = {{CanIuse}},
	urldate = {2018-03-10}
}

@online{css-tricks_does_2017,
	title = {Does {CSS} Grid Replace Flexbox?},
	url = {https://css-tricks.com/css-grid-replace-flexbox/},
	abstract = {No. Well. Mostly No. Grid is much newer than Flexbox and has a bit less browser support. That's why it makes perfect sense if people are wondering if {CSS} grid is here to replace Flexbox. To put a point on it: Grid can do things Flexbox can't do. Flexbox can do things Grid can't do. They can work together: a grid item},
	titleaddon = {{CSS}-Tricks},
	author = {{CSS-Tricks}},
	urldate = {2018-03-10},
	date = {2017-03-31},
	langid = {english}
}

@online{_how_2017,
	title = {How the minmax() Function Works},
	url = {https://bitsofco.de},
	abstract = {One incredibly useful new feature introduced with the {CSS} Grid Layout Specification is the minmax() function. This function opens the door to us being able to write much more powerful and succinct {CSS} by allowing us to set, as a value for a grid track, a function including both a},
	titleaddon = {bitsofcode},
	urldate = {2018-03-10},
	date = {2017-06-06},
	langid = {english}
}

@online{_flexbox_????,
	title = {Flexbox vs {CSS} Grid: A Practical Example • Silo Creativo},
	url = {https://www.silocreativo.com/en/flexbox-vs-css-grid-practical-example/},
	shorttitle = {flexbox\_vs\_grid},
	urldate = {2018-03-18}
}

@online{borgen_ultimate_2017,
	title = {The ultimate {CSS} battle: Grid vs Flexbox},
	url = {https://hackernoon.com/the-ultimate-css-battle-grid-vs-flexbox-d40da0449faf},
	shorttitle = {borgen\_ultimate\_2017},
	abstract = {Learn how they differ, and when you should use one over the other.},
	titleaddon = {Hacker Noon},
	author = {Borgen, Per Harald},
	urldate = {2018-03-18},
	date = {2017-12-10}
}

@book{sharkie_jump_2017,
	title = {Jump start responsive web design},
	url = {http://proquest.safaribooksonline.com/?fpi=9781492020615},
	shorttitle = {responsive\_design},
	author = {Sharkie, Craig},
	urldate = {2018-03-20},
	date = {2017},
	note = {{OCLC}: 987006602}
}

@online{jquery.org_jquery_????,
	title = {{jQuery}},
	url = {https://jquery.com/},
	shorttitle = {jquery\_official},
	abstract = {{jQuery}: The Write Less, Do More, {JavaScript} Library},
	author = {jquery.org, {jQuery} Foundation-},
	urldate = {2018-03-24},
	langid = {american}
}

@online{nicolas_about_????,
	title = {About normalize.css – Nicolas Gallagher},
	url = {http://nicolasgallagher.com/about-normalize-css/},
	shorttitle = {about\_normalize},
	abstract = {A small {CSS} library to make browser defaults more consistent},
	author = {Nicolas, Gallagher},
	urldate = {2018-03-25},
	langid = {english}
}

@inreference{_praprozessor_2018,
	title = {Präprozessor},
	rights = {Creative Commons Attribution-{ShareAlike} License},
	url = {https://de.wikipedia.org/w/index.php?title=Pr%C3%A4prozessor&oldid=172727677},
	shorttitle = {Präprozessor},
	abstract = {Ein Präprozessor (seltener auch Präcompiler) ist ein Computerprogramm, das Eingabedaten vorbereitet und zur weiteren Bearbeitung an ein anderes Programm weitergibt. Der Präprozessor wird häufig von Compilern oder Interpretern dazu verwendet, einen Eingabetext zu konvertieren und das Ergebnis im eigentlichen Programm weiter zu verarbeiten.
Viele Programmiersprachen, zum Beispiel die Programmiersprache C sowie das Textsatzprogramm {TeX} besitzen Makroprozessoren als Präprozessoren, die die Möglichkeiten der jeweiligen Sprache zur Steigerung der Lesbarkeit von Programmtexten sowie zur Strukturierung und Modularisierung von Projekten wesentlich erweitern. {PHP} – eine verbreitete Skriptsprache zur Generierung von Webseiten – kann als Präprozessor für {HTML} gesehen werden.
Im Bereich des {CAD}-Entwurfs, des {CAM} sowie der Finite-Elemente-Simulation wird häufig ein Präprozessor verwendet, um das entworfene Bauteil für die Weiterverarbeitung vorzubereiten. Hierzu gehören beispielsweise Arbeitsschritte wie Kombination mit einem anderen Bauteil, Aufteilung in Segmente, Gittererzeugung, Umsetzen in ein anderes Koordinatensystem usw.},
	booktitle = {Wikipedia},
	urldate = {2018-03-26},
	date = {2018-01-08},
	langid = {german},
	note = {Page Version {ID}: 172727677}
}

@online{sass-lang_file:_????,
	title = {File: {SASS}\_REFERENCE — Documentation by {YARD} 0.9.12},
	url = {https://sass-lang.com/documentation/file.SASS_REFERENCE.html},
	shorttitle = {{SASS}\_REFERENCE},
	author = {{Sass-Lang}},
	urldate = {2018-03-26}
}

@online{_5_2014,
	title = {5 reasons you should be using Sass today},
	url = {https://www.webdesignerdepot.com/2014/08/5-reasons-you-should-be-using-sass-today/},
	abstract = {By now I'm sure you've heard of Sass and how "You really need to start using it!" Learning a new tool can suck and finding the time to do so is next to impossible but sometimes a tool comes along that changes our industry and is too good to ignore. As our web pages and apps get more complex our style sheets get larger and harder to maintain. {CSS} preprocessors like Sass help by keeping our style sheets concise and allowing us to modularize our code while offering a whole slew of features not yet available in regular {CSS}. These extra features also make them really fun to use! Now you may have seen something that looks like this: \$i: 6; @while \$i {\textgreater} 0 \{ .item-\#\{\$i\} \{ width: 2em * \$i; \} \$i: \$i - 2; \} // and thought, "Whatttttttttttt? Thanks but I'll keep my regular ol' {CSS}." I admit, it looks daunting and some people are doing some really crazy, complex stuff with Sass but I'm here to tell you that anyone can start using it},
	titleaddon = {Webdesigner Depot},
	urldate = {2018-03-27},
	date = {2014-08-04},
	langid = {english}
}

@online{w3c_websockets_????,
	title = {Websockets Official},
	url = {https://www.w3.org/TR/websockets/},
	shorttitle = {websockets\_official},
	author = {{W3C}}
}

@online{caniuse_browser_????,
	title = {Browser Support von {CSS}-Variablen},
	url = {https://caniuse.com/#search=custom%20properties},
	shorttitle = {browser\_support\_variables},
	author = {{CanIuse}}
}

@online{_css_????,
	title = {{CSS} Snapshot 2017},
	url = {https://www.w3.org/TR/CSS/},
	urldate = {2018-04-02}
}

@online{_html_????,
	title = {{HTML} 5.2},
	url = {https://www.w3.org/TR/html52/},
	urldate = {2018-04-02}
}

@online{_javascript_????,
	title = {{JavaScript} {\textbar} {MDN}},
	url = {https://developer.mozilla.org/en-US/docs/Web/javascript},
	urldate = {2018-04-02}
}